@book{Goodfellow-et-al-2016,
    title={Deep Learning},
    author={Ian Goodfellow and Yoshua Bengio and Aaron Courville},
    publisher={MIT Press},
    note={\url{http://www.deeplearningbook.org}},
    year={2016}
}

@article{Bako2017KPCN,
    title     = {Kernel-Predicting Convolutional Networks for Denoising Monte Carlo Renderings},
    author    = {Bako, Steve and Vogels, Thijs and McWilliams, Brian and Meyer, Mark and Nov\'ak, Jan and Harvill, Alex and Sen, Pradeep and DeRose, Tony and Rousselle, Fabrice},
    journal   = {ACM Transactions on Graphics (Proceedings of SIGGRAPH 2017)},
    volume    = {36},
    number    = {4},
    year      = {2017},
    articleno = {97},
    pages     = {97:1--97:14},
    publisher = {ACM},
    address   = {New York, NY, USA},
    doi       = {10.1145/3072959.3073708},
}

@MastersThesis{vogels2016thesis,
    author  = {Thijs Vogels},
    title   = {{Kernel-predicting Convolutional Neural Networks for Denoising Monte Carlo Renderings}},
    school  = {{ETH Z\"urich}},
    address = {Switzerland},
    year    = {2016},
}

@book{pbrbook,
 author = {Pharr, Matt and Jakob, Wenzel and Humphreys, Greg},
 title = {Physically Based Rendering: From Theory to Implementation},
 year = {2016},
 isbn = {0128006455, 9780128006450},
 edition = {3rd},
 publisher = {Morgan Kaufmann Publishers Inc.},
 address = {San Francisco, CA, USA},
 url = {http://www.pbr-book.org/},
}
